<mjloggm ver="2.3"><GO type="137" lobby="0"/><UN n0="%42%65%6E%6F%69%74" n1="%E3%83%81%E3%82%A7%E3%82%B9%E3%83%A2" n2="%69%76%61%6E%63%68%61%6E" n3="%69%6B%61%63%79%61%6E" dan="12,13,10,13" rate="1650.52,1783.10,1547.99,1779.02" sx="M,M,M,M"/><TAIKYOKU oya="0"/><INIT seed="0,0,0,1,2,6" ten="250,250,250,250" oya="0" hai0="96,54,127,64,41,135,126,124,30,49,74,59,114" hai1="7,66,95,3,92,80,31,14,10,23,68,94,97" hai2="110,121,38,12,2,22,52,25,5,76,0,71,130" hai3="34,24,57,56,43,4,45,82,62,84,78,113,101"/><T133/><D74/><U104/><E80/><V46/><F121/><W61/><G113/><T58/><D30/><U67/><E68/><V116/><F71/><W90/><G101/><T1/><D1/><U33/><E104/><V60/><F110/><W55/><G34/><T48/><D96/><U81/><E97/><V27/><F130/><W69/><G24/><T118/><D118/><U26/><REACH who="1" step="1"/><E81/><REACH who="1" ten="250,240,250,250" step="2"/><V102/><F116/><W87/><G69/><T21/><D114/><U115/><E115/><V17/><F76/><W123/><G123/><T100/><D100/><U13/><E13/><V105/><F105/><W15/><G78/><T99/><D99/><U111/><E111/><V39/><F102/><W109/><G109/><T32/><D133/><U120/><E120/><V70/><F70/><W134/><G134/><T44/><D135/><U91/><E91/><V79/><F79/><W75/><G75/><T28/><D32/><U53/><E53/><V51/><F0/><W63/><G87/><T88/><D88/><U47/><E47/><V129/><F2/><W36/><REACH who="3" step="1"/><G56/><REACH who="3" ten="250,240,250,240" step="2"/><T8/><D124/><U93/><N who="1" m="23552" /><DORA hai="65" /><U108/><E108/><V77/><F77/><W20/><G20/><T117/><D126/><U40/><E40/><V18/><F129/><W37/><G37/><T131/><D127/><U107/><E107/><V11/><F39/><W16/><G16/><AGARI ba="0,2" hai="3,7,10,14,16,23,26,31,33,66,67" m="23552" machi="16" ten="50,8000,1" yaku="1,1,24,2,52,1,54,1,53,0" doraHai="6,65" doraHaiUra="50,42" who="1" fromWho="3" sc="250,0,240,100,250,0,240,-80" /><INIT seed="1,0,0,5,4,109" ten="250,340,250,160" oya="1" hai0="119,48,19,94,20,131,128,32,124,1,95,62,17" hai1="45,35,67,84,56,120,105,132,33,133,87,112,102" hai2="59,127,103,50,24,79,51,114,60,40,86,113,88" hai3="44,3,4,82,118,21,116,64,65,26,97,92,123"/><U23/><E120/><V57/><F127/><W74/><G123/><T91/><D1/><U80/><E45/><V47/><F79/><W0/><G4/><T117/><D32/><U41/><E41/><V134/><F103/><W54/><G74/><T110/><D124/><U72/><E72/><V122/><F122/><W70/><G82/><T100/><D110/><U9/><E9/><V16/><F134/><N who="1" m="51817" /><E87/><V37/><F24/><W28/><G70/><T36/><D36/><U73/><E73/><V69/><F69/><W130/><G0/><T15/><D62/><N who="1" m="38343" /><E23/><V42/><F42/><W46/><G3/><T135/><D135/><U106/><E106/><V85/><F85/><W25/><G46/><T83/><D48/><U66/><E66/><V111/><F111/><W7/><G65/><T76/><D117/><U93/><E93/><V126/><F126/><W107/><G64/><T71/><D71/><U101/><E101/><V34/><F34/><W2/><G107/><T10/><D119/><U78/><E112/><N who="2" m="43115" /><F16/><W30/><G118/><T61/><D61/><U43/><E43/><V27/><F27/><W121/><G26/><T89/><D100/><U8/><E102/><V63/><F63/><W6/><G116/><T39/><D39/><U29/><E105/><V5/><F5/><W108/><G121/><T99/><D19/><U38/><E38/><V81/><F59/><W77/><G108/><T14/><D20/><U68/><E68/><V12/><F12/><W58/><G21/><T13/><D15/><U53/><E35/><V18/><F18/><W96/><G2/><RYUUKYOKU ba="0,0" sc="250,-10,340,-10,250,30,160,-10" hai2="37,40,47,50,51,57,60,81,86,88" /><INIT seed="2,1,0,4,4,49" ten="240,330,280,150" oya="2" hai0="58,66,45,116,130,73,23,85,52,98,122,72,92" hai1="128,65,135,109,35,96,80,77,56,8,120,89,21" hai2="18,119,37,127,108,82,1,117,68,70,17,34,86" hai3="124,40,43,11,7,101,133,54,2,30,125,114,26"/><V63/><F34/><W15/><G101/><T102/><D122/><U126/><E120/><V134/><F1/><W9/><G133/><T46/><D130/><U90/><E128/><V81/><F37/><W64/><G64/><T94/><D116/><N who="2" m="44618" /><F134/><W22/><G114/><T51/><D73/><U104/><E135/><V42/><F42/><W61/><G43/><T112/><D72/><U3/><E35/><V93/><F93/><W44/><G61/><N who="0" m="38199" /><D112/><U115/><E115/><V131/><F63/><W95/><G95/><T55/><D23/><U24/><E56/><V111/><F131/><W121/><G121/><T132/><D132/><U33/><E65/><V107/><F86/><W41/><G41/><N who="0" m="25007" /><D46/><U60/><E33/><V6/><F6/><W106/><G106/><T12/><D12/><U36/><E36/><V118/><N who="2" m="44626" /><V91/><DORA hai="39" /><F107/><W110/><G40/><T113/><D113/><U38/><E38/><V57/><F57/><W71/><G71/><N who="2" m="27177" /><F91/><AGARI ba="1,0" hai="52,55,85,91,92,94,98,102" m="25007,38199" machi="91" ten="30,8000,1" yaku="8,1,52,3,54,1" doraHai="49,39" who="0" fromWho="2" sc="240,83,330,0,280,-83,150,0" /><INIT seed="3,0,0,2,1,32" ten="323,330,197,150" oya="3" hai0="121,62,0,94,37,127,64,131,36,86,79,45,1" hai1="44,10,104,82,51,11,47,41,2,81,29,77,75" hai2="35,55,107,74,33,39,71,103,88,89,112,7,31" hai3="23,132,67,135,30,76,124,57,5,56,25,130,49"/><W54/><G76/><T115/><D121/><U13/><E104/><V102/><F112/><W106/><G106/><T20/><D115/><U73/><E29/><V3/><F107/><W87/><G87/><T53/><D131/><U113/><E113/><V8/><F31/><W18/><G124/><T96/><D127/><U95/><E95/><V128/><F128/><W90/><G130/><T92/><D20/><U15/><E77/><V9/><F55/><W101/><G101/><N who="2" m="38409" /><F74/><W19/><G90/><N who="2" m="34921" /><F7/><W91/><G91/><T123/><D96/><U26/><E41/><V100/><N who="2" m="38417" /><V24/><DORA hai="125" /><F24/><W66/><G5/><T98/><D98/><U69/><E26/><V78/><F78/><W134/><G57/><T110/><D79/><U84/><E69/><V129/><F71/><W70/><G70/><T105/><D105/><U22/><E84/><V118/><F129/><W120/><G120/><T46/><D92/><U126/><E126/><V117/><F39/><W99/><G99/><T58/><D94/><U80/><E80/><V42/><F42/><W21/><REACH who="3" step="1"/><G30/><REACH who="3" ten="323,330,197,140" step="2"/><T4/><D86/><U93/><E93/><V12/><F12/><AGARI ba="0,1" hai="12,18,19,21,23,25,49,54,56,66,67,132,134,135" machi="12" ten="40,12000,1" yaku="1,1,2,1,20,1,53,1" doraHai="32,125" doraHaiUra="6,50" who="3" fromWho="2" sc="323,0,330,0,197,-120,140,130" /><INIT seed="3,1,0,5,4,44" ten="323,330,77,270" oya="3" hai0="86,7,31,71,52,15,46,66,129,16,10,119,32" hai1="131,51,50,133,40,104,12,122,120,114,45,115,39" hai2="64,123,57,13,43,75,98,34,73,9,3,102,36" hai3="82,8,92,70,87,80,18,110,107,125,103,60,4"/><W0/><G125/><T65/><D119/><U85/><E104/><V63/><F34/><W20/><G107/><T61/><D129/><U24/><E131/><V117/><F3/><W91/><G110/><T81/><D65/><U134/><E24/><V126/><F123/><N who="1" m="47145" /><E12/><V62/><F117/><W95/><G103/><T101/><D101/><U121/><E85/><V78/><F126/><W94/><G82/><T25/><D46/><U69/><N who="1" m="47153" /><U33/><DORA hai="130" /><E33/><V124/><F124/><W2/><G2/><T5/><REACH who="0" step="1"/><D52/><REACH who="0" ten="313,330,77,270" step="2"/><U105/><E105/><V19/><F43/><W84/><G70/><T79/><AGARI ba="1,1" hai="5,7,10,15,16,25,31,32,61,66,71,79,81,86" machi="79" ten="20,12000,2" yaku="1,1,2,1,0,1,7,1,54,1,53,1" doraHai="44,130" doraHaiUra="127,6" who="0" fromWho="0" sc="313,133,330,-31,77,-31,270,-61" /><INIT seed="4,0,0,5,0,25" ten="446,299,46,209" oya="0" hai0="112,53,92,10,115,86,29,8,28,104,20,9,24" hai1="76,18,59,89,70,4,81,48,58,134,135,1,21" hai2="124,5,42,100,126,82,91,101,102,39,105,55,109" hai3="127,79,37,7,60,27,61,6,11,114,47,34,22"/><T46/><D104/><U66/><E89/><V26/><F109/><W17/><G34/><T16/><D46/><U31/><E70/><V78/><F91/><W122/><G122/><T38/><D38/><U54/><E4/><V51/><F105/><W0/><G6/><T95/><D53/><U12/><E1/><V87/><F5/><W68/><G68/><T35/><D86/><U90/><E90/><V99/><F26/><W41/><G127/><N who="2" m="48681" /><F39/><W65/><G65/><T85/><D85/><U113/><E113/><N who="0" m="43593" /><D35/><U3/><E3/><V117/><F117/><W97/><G114/><T77/><D77/><U43/><E43/><V45/><F99/><W64/><G64/><T123/><D123/><U111/><E111/><V108/><F108/><W128/><G128/><T13/><D13/><U74/><E66/><V44/><F44/><W121/><G121/><T14/><D14/><U56/><E56/><V36/><F36/><W133/><G133/><N who="1" m="50698" /><E59/><V80/><F80/><W75/><REACH who="3" step="1"/><G97/><REACH who="3" ten="446,299,46,199" step="2"/><T120/><D120/><U57/><E76/><V94/><F94/><AGARI ba="0,1" hai="8,9,10,16,20,24,28,29,92,94,95" m="43593" machi="94" ten="30,11600,0" yaku="15,1,52,2,54,1" doraHai="25" who="0" fromWho="2" sc="446,126,299,0,46,-116,199,0" owari="572,67.2,299,9.9,-70,-57.0,199,-20.1" /></mjloggm>